<record xmlns="http://www.loc.gov/MARC21/slim" xmlns:xsi="http://www.w3.org/2001/XMLSchema-instance" xsi:schemaLocation="http://www.loc.gov/MARC21/slim http://www.loc.gov/standards/marcxml/schema/MARC21slim.xsd"><leader>     nam a22        4500</leader><controlfield tag="001">002056188</controlfield><controlfield tag="003">NNU</controlfield><controlfield tag="006">m        d        </controlfield><controlfield tag="007">cr cn |||m|||a</controlfield><controlfield tag="008">150313m19829999ir      od    000 0darar </controlfield><datafield ind1=" " ind2=" " tag="040"><subfield code="a">NNU</subfield><subfield code="b">eng</subfield><subfield code="c">NNU</subfield></datafield><datafield ind1="0" ind2=" " tag="050"><subfield code="a">BP136.48</subfield><subfield code="b">.A73 1982</subfield></datafield><datafield ind1=" " ind2=" " tag="066"><subfield code="c">(3</subfield></datafield><datafield ind1=" " ind2=" " tag="090"><subfield code="a">BP136.48</subfield><subfield code="b">.A73 1982</subfield></datafield><datafield ind1="1" ind2=" " tag="100"><subfield code="6">880-01</subfield><subfield code="a">Ardab&#299;l&#299; al-Gharaw&#299; al-&#7716;a&#700;ir&#299;, Mu&#7717;ammad ibn &#699;Al&#299;,</subfield><subfield code="d">d. 1593</subfield></datafield><datafield ind1="1" ind2="0" tag="245"><subfield code="6">880-02</subfield><subfield code="a">J&#257;mi&#699; al-ruw&#257;h</subfield><subfield code="h">[electronic resource] :</subfield><subfield code="b">wa-iz&#257;&#7717;at al-ishtib&#257;h&#257;t &#699;an al-&#7789;uruq wa-al-isn&#257;d /</subfield><subfield code="c">ta&#7779;n&#299;f Mu&#7717;ammad ibn &#699;Al&#299; al-Ardab&#299;l&#299; al-Gharaw&#299; al-&#7716;a&#700;ir&#299;.</subfield></datafield><datafield ind1=" " ind2=" " tag="260"><subfield code="6">880-03</subfield><subfield code="a">Qum, &#298;r&#257;n :</subfield><subfield code="b">Maktabat &#256;yat All&#257;h al-&#699;U&#7827;m&#225; al-Mar&#699;ash&#299; al-Najaf&#299;,</subfield><subfield code="c">1403 [1982 or 1983]</subfield></datafield><datafield ind1=" " ind2=" " tag="300"><subfield code="a">online resource (2 v.)</subfield></datafield><datafield ind1=" " ind2=" " tag="500"><subfield code="a">Part of the Arabic Collections Online (ACO) project, contributed by New York Univeristy Libraries.</subfield></datafield><datafield ind1=" " ind2=" " tag="533"><subfield code="a">Electronic reproduction.</subfield><subfield code="b">New York, N.Y. :</subfield><subfield code="c">New York University,</subfield><subfield code="d">2015.</subfield><subfield code="5">NNU</subfield></datafield><datafield ind1=" " ind2="0" tag="650"><subfield code="a">Hadith (Shiites)</subfield><subfield code="x">Authorities</subfield><subfield code="x">Dictionaries</subfield><subfield code="x">Arabic</subfield><subfield code="v">Early works to 1800.</subfield></datafield><datafield ind1=" " ind2="0" tag="650"><subfield code="a">Hadith</subfield><subfield code="x">Forgeries</subfield><subfield code="v">Early works to 1800.</subfield></datafield><datafield ind1="2" ind2=" " tag="710"><subfield code="a">New York University.</subfield><subfield code="b">Libraries.</subfield></datafield><datafield ind1="0" ind2=" " tag="730"><subfield code="a">Arabic Collections Online.</subfield></datafield><datafield ind1="0" ind2="8" tag="776"><subfield code="i">Print version:</subfield><subfield code="a">Ardab&#299;l&#299; al-Gharaw&#299; al-&#7716;a&#700;ir&#299;, Mu&#7717;ammad ibn &#699;Al&#299;, d. 1593 880-01</subfield><subfield code="t">J&#257;mi&#699; al-ruw&#257;h</subfield><subfield code="w">(NNU)002056188</subfield><subfield code="w">(DLC)87130108</subfield></datafield><datafield ind1="4" ind2="0" tag="856"><subfield code="u">http://hdl.handle.net/2333.1/34tmpjgg</subfield></datafield><datafield ind1="0" ind2=" " tag="880"><subfield code="6">100-01/</subfield><subfield code="a">&#1605;&#1581;&#1605;&#1583; &#1575;&#1576;&#1606; &#1593;&#1604;&#1609; &#1575;&#1604;&#1575;&#1585;&#1583;&#1576;&#1610;&#1604;&#1609; &#1575;&#1604;&#1594;&#1585;&#1608;&#1609; &#1575;&#1604;&#1581;&#1575;&#1574;&#1585;&#1609;.</subfield></datafield><datafield ind1="1" ind2="0" tag="880"><subfield code="6">245-02/</subfield><subfield code="a">&#1580;&#1575;&#1605;&#1593; &#1575;&#1604;&#1585;&#1608;&#1575;&#1577; :</subfield><subfield code="b">&#1608;&#1575;&#1586;&#1575;&#1581;&#1577; &#1575;&#1604;&#1575;&#1588;&#1578;&#1576;&#1607;&#1575;&#1578; &#1593;&#1606; &#1575;&#1604;&#1591;&#1585;&#1602; &#1608;&#1575;&#1604;&#1575;&#1587;&#1606;&#1575;&#1583; /</subfield><subfield code="c">&#1578;&#1589;&#1606;&#1610;&#1601; &#1605;&#1581;&#1605;&#1583; &#1575;&#1576;&#1606; &#1593;&#1604;&#1609;&#1575;&#1585;&#1583;&#1576;&#1610;&#1604;&#1609; &#1575;&#1604;&#1594;&#1585;&#1608;&#1609; &#1575;&#1604;&#1581;&#1575;&#1575;&#1574;&#1585;&#1609;.</subfield></datafield><datafield ind1=" " ind2=" " tag="880"><subfield code="6">260-03/</subfield><subfield code="a">&#1602;&#1605;&#1548; &#1575;&#1610;&#1585;&#1575;&#1606; :</subfield><subfield code="b">&#1605;&#1603;&#1578;&#1576;&#1577; &#1575;&#1610;&#1577; &#1575;&#1604;&#1604;&#1607; &#1575;&#1604;&#1593;&#1592;&#1605;&#1577; &#1575;&#1604;&#1605;&#1585;&#1593;&#1588;&#1609; &#1575;&#1604;&#1606;&#1580;&#1602;&#1609;&#1548;</subfield><subfield code="c">&#1633;&#1636;&#1632;&#1635; [1982 or 1983]</subfield></datafield><datafield ind1=" " ind2=" " tag="959"><subfield code="a">NNU</subfield><subfield code="b">WEB</subfield><subfield code="c">GENI</subfield><subfield code="t">0</subfield><subfield code="m">Electronic access</subfield><subfield code="s">01</subfield></datafield><datafield ind1=" " ind2=" " tag="999"><subfield code="i">NNU_002056188</subfield><subfield code="s">nyu_aco000459:v.1</subfield><subfield code="s">nyu_aco000460:v.2</subfield><subfield code="e">(ERROR-MISC)</subfield></datafield></record>